@misc{costmap_2d,
  author = {Eitan Marder-Eppstein},
  title = {Costmaps in ROS},
  year = {2018},
  note = {last edited 2018-01-10},
  url = {http://wiki.ros.org/costmap_2d}
}
